<?xml version='1.0' encoding='utf-8'?>
<record xmlns="http://www.loc.gov/MARC21/slim" xmlns:xsi="http://www.w3.org/2001/XMLSchema-instance">
  <leader>00000nas^a22002411a^4500</leader>
  <controlfield tag="001">002747667</controlfield>
  <controlfield tag="005">20110929111819.0</controlfield>
  <controlfield tag="008">940310c19749999miubr^p^^^^^^^0^^^a0eng^d</controlfield>
  <datafield tag="035" ind1=" " ind2=" ">
    <subfield code="a">(RLIN)MIUV91-S27</subfield>
  </datafield>
  <datafield tag="035" ind1=" " ind2=" ">
    <subfield code="a">(OCoLC)490805818</subfield>
  </datafield>
  <datafield tag="040" ind1=" " ind2=" ">
    <subfield code="a">MiU-H</subfield>
    <subfield code="c">MiU-H</subfield>
    <subfield code="d">MiU-H</subfield>
  </datafield>
  <datafield tag="245" ind1="0" ind2="4">
    <subfield code="a">The Michigan Libertarian :</subfield>
    <subfield code="b">newsletter of the Libertarian Party of Michigan.</subfield>
  </datafield>
  <datafield tag="260" ind1=" " ind2=" ">
    <subfield code="a">Lansing, Mich. :</subfield>
    <subfield code="b">The Party,</subfield>
    <subfield code="c">[1974]-</subfield>
  </datafield>
  <datafield tag="300" ind1=" " ind2=" ">
    <subfield code="a">v. :</subfield>
    <subfield code="b">ill. ;</subfield>
    <subfield code="c">28 cm.</subfield>
  </datafield>
  <datafield tag="310" ind1=" " ind2=" ">
    <subfield code="a">Bimonthly, Jul./Aug., 1987-</subfield>
  </datafield>
  <datafield tag="321" ind1=" " ind2=" ">
    <subfield code="a">Monthly, Jan. 1974-Apr. 1987.</subfield>
  </datafield>
  <datafield tag="321" ind1=" " ind2=" ">
    <subfield code="a">Online, June 2009-</subfield>
  </datafield>
  <datafield tag="362" ind1="0" ind2=" ">
    <subfield code="a">[Vol. 1, no. 1 (Jan. 1974)]-</subfield>
  </datafield>
  <datafield tag="500" ind1=" " ind2=" ">
    <subfield code="a">Description based on: Vol. 13, no. 5 (Aug. 1986)</subfield>
  </datafield>
  <datafield tag="538" ind1=" " ind2=" ">
    <subfield code="a">DVD: back issues of The Michigan Libertarian, 1975-2011. Issues published between 1975 and 2007 are in PDF format. Issues for 2008 are in PDF and MHTML formats. Issues published in 2009-2011 are in MHTML format. Collection lacks missing or unpublished issues for 10/25/2005, 5/15/2007, 9/4/2007, 6/17/2008. An Excel spreadsheet lists all of the back issues and editors by years and additional footnotes. An MS Word document contains history of The Michigan Libertarian.</subfield>
  </datafield>
  <datafield tag="610" ind1="2" ind2="0">
    <subfield code="a">Libertarian Party of Michigan</subfield>
    <subfield code="v">Periodicals.</subfield>
  </datafield>
  <datafield tag="650" ind1=" " ind2="0">
    <subfield code="a">Libertarianism</subfield>
    <subfield code="z">Michigan</subfield>
    <subfield code="v">Periodicals.</subfield>
  </datafield>
  <datafield tag="710" ind1="2" ind2=" ">
    <subfield code="a">Libertarian Party of Michigan.</subfield>
  </datafield>
  <datafield tag="852" ind1="8" ind2=" ">
    <subfield code="a">MiU-H</subfield>
    <subfield code="b">BENT</subfield>
    <subfield code="h">2011111 Aa 2</subfield>
  </datafield>
  <datafield tag="998" ind1=" " ind2=" ">
    <subfield code="c">MFM</subfield>
    <subfield code="s">9114</subfield>
  </datafield>
  <datafield tag="955" ind1=" " ind2=" ">
    <subfield code="b">BENT</subfield>
    <subfield code="p">2747667-120</subfield>
    <subfield code="z">v.35:no.5(2006:Sep./Oct.)</subfield>
  </datafield>
  <datafield tag="955" ind1=" " ind2=" ">
    <subfield code="b">BENT</subfield>
    <subfield code="p">2747667-130</subfield>
    <subfield code="z">v.35:no.6(2006:Nov./Dec.)</subfield>
  </datafield>
  <datafield tag="955" ind1=" " ind2=" ">
    <subfield code="b">BENT</subfield>
    <subfield code="p">2747667-90</subfield>
    <subfield code="z">v.35:no.2(2006:Mar./April)</subfield>
  </datafield>
  <datafield tag="955" ind1=" " ind2=" ">
    <subfield code="b">BENT</subfield>
    <subfield code="p">39015071259454</subfield>
    <subfield code="z">v.13:no.5 (1986:Aug.)-v.16:no.6 (1989:Nov./Dec.)</subfield>
  </datafield>
  <datafield tag="955" ind1=" " ind2=" ">
    <subfield code="b">BENT</subfield>
    <subfield code="p">39015071259462</subfield>
    <subfield code="z">v.17:no.1 (1990:Jan./Feb.)-1993:Oct./Nov.</subfield>
  </datafield>
  <datafield tag="955" ind1=" " ind2=" ">
    <subfield code="b">BENT</subfield>
    <subfield code="p">39015071259470</subfield>
    <subfield code="z">1993:Dec./1994:Jan.-1996:Dec.</subfield>
  </datafield>
  <datafield tag="955" ind1=" " ind2=" ">
    <subfield code="b">BENT</subfield>
    <subfield code="p">39015071259488</subfield>
    <subfield code="z">1997:Jan./Feb.-1999:Nov./Dec.</subfield>
  </datafield>
  <datafield tag="955" ind1=" " ind2=" ">
    <subfield code="b">BENT</subfield>
    <subfield code="p">39015071259496</subfield>
    <subfield code="z">2000:Jan./Feb.-2002:Nov./Dec.</subfield>
  </datafield>
  <datafield tag="955" ind1=" " ind2=" ">
    <subfield code="b">BENT</subfield>
    <subfield code="p">39015071259504</subfield>
    <subfield code="z">2003:Jan./Feb.-2004:Jan./Feb., 2005:Sept./Oct.-2006:Jan./Feb., 2006:May/June-2006:July/Aug.</subfield>
  </datafield>
  <datafield tag="955" ind1=" " ind2=" ">
    <subfield code="b">BENT</subfield>
    <subfield code="p">B4887478</subfield>
    <subfield code="z">DVD: 1975-2011</subfield>
  </datafield>
</record>
